@Article{Baez2002,
  author	= {Baez, John C.},
  title		= {The octonions},
  journal	= {Bull. Amer. Math. Soc. (N.S.)},
  fjournal	= {American Mathematical Society. Bulletin. New Series},
  volume	= {39},
  year		= {2002},
  number	= {2},
  pages		= {145--205},
  doi		= {10.1090/S0273-0979-01-00934-X}
}

@Book{TheBook,
  author	= {The Univalent Foundations Program},
  title		= {Homotopy type theory---univalent foundations of
		  mathematics},
  publisher	= {The Univalent Foundations Program, Princeton, NJ;
		  Institute for Advanced Study (IAS), Princeton, NJ},
  year		= {2013},
  pages		= {xiv+589},
  url           = {http://homotopytypetheory.org/book/}
}